<record xmlns="http://www.loc.gov/MARC21/slim" xmlns:xsi="http://www.w3.org/2001/XMLSchema-instance" xsi:schemaLocation="http://www.loc.gov/MARC21/slim http://www.loc.gov/standards/marcxml/schema/MARC21slim.xsd"><leader>     nam a22        4500</leader><controlfield tag="001">001689227</controlfield><controlfield tag="003">NNU</controlfield><controlfield tag="006">m        d        </controlfield><controlfield tag="007">cr cn |||m|||a</controlfield><controlfield tag="008">150313q19661967iq c    ob    000 0bara d</controlfield><datafield ind1=" " ind2=" " tag="040"><subfield code="a">NNU</subfield><subfield code="b">eng</subfield><subfield code="c">NNU</subfield></datafield><datafield ind1=" " ind2="4" tag="050"><subfield code="a">BP80.K3</subfield><subfield code="b">H8</subfield></datafield><datafield ind1=" " ind2=" " tag="066"><subfield code="c">(3</subfield></datafield><datafield ind1=" " ind2=" " tag="090"><subfield code="a">BP80.K3</subfield><subfield code="b">H8</subfield></datafield><datafield ind1="1" ind2=" " tag="100"><subfield code="6">880-01</subfield><subfield code="a">&#7716;usayn&#299;, A&#7717;mad</subfield></datafield><datafield ind1="1" ind2="3" tag="245"><subfield code="6">880-02</subfield><subfield code="a">al-Im&#257;m al-th&#257;&#700;ir al-Sayyid Mahd&#299; al-&#7716;aydar&#299;</subfield><subfield code="h">[electronic resource].</subfield></datafield><datafield ind1=" " ind2=" " tag="250"><subfield code="6">880-03</subfield><subfield code="a">al-&#7788;ab&#699;ah 1.</subfield></datafield><datafield ind1=" " ind2=" " tag="260"><subfield code="6">880-04</subfield><subfield code="a">al-Najaf :</subfield><subfield code="b">[s.n.],</subfield><subfield code="c">[1966 or 1967]</subfield></datafield><datafield ind1=" " ind2=" " tag="300"><subfield code="a">online resource (154 p.) :</subfield><subfield code="b">port.</subfield></datafield><datafield ind1="1" ind2=" " tag="490"><subfield code="6">880-05</subfield><subfield code="a">A&#699;l&#257;m al-Im&#257;m&#299;yah ;</subfield><subfield code="v">al-kit&#257;b 2</subfield></datafield><datafield ind1=" " ind2=" " tag="500"><subfield code="a">Part of the Arabic Collections Online (ACO) project, contributed by New York Univeristy Libraries.</subfield></datafield><datafield ind1=" " ind2=" " tag="504"><subfield code="a">Includes bibliographical references.</subfield></datafield><datafield ind1=" " ind2=" " tag="533"><subfield code="a">Electronic reproduction.</subfield><subfield code="b">New York, N.Y. :</subfield><subfield code="c">New York University,</subfield><subfield code="d">2015.</subfield><subfield code="5">NNU</subfield></datafield><datafield ind1="1" ind2="0" tag="600"><subfield code="a">K&#257;&#7827;im&#299;, Mahd&#299; ibn A&#7717;mad,</subfield><subfield code="d">ca. 1834-1917.</subfield></datafield><datafield ind1="2" ind2=" " tag="710"><subfield code="a">New York University.</subfield><subfield code="b">Libraries.</subfield></datafield><datafield ind1="0" ind2=" " tag="730"><subfield code="a">Arabic Collections Online.</subfield></datafield><datafield ind1="0" ind2="8" tag="776"><subfield code="i">Print version:</subfield><subfield code="a">&#7716;usayn&#299;, A&#7717;mad 880-01</subfield><subfield code="t">al-Im&#257;m al-th&#257;&#700;ir al-Sayyid Mahd&#299; al-&#7716;aydar&#299;</subfield><subfield code="w">(NNU)001689227</subfield></datafield><datafield ind1="4" ind2="0" tag="856"><subfield code="u">http://hdl.handle.net/2333.1/s7h44mg5</subfield></datafield><datafield ind1="1" ind2=" " tag="880"><subfield code="6">100-01/</subfield><subfield code="a">&#1581;&#1587;&#1610;&#1606;&#1610;&#1548; &#1575;&#1604;&#1587;&#1610;&#1583; &#1571;&#1581;&#1605;&#1583;.</subfield></datafield><datafield ind1="1" ind2="2" tag="880"><subfield code="6">245-02/</subfield><subfield code="a">&#1575;&#1604;&#1575;&#1605;&#1575;&#1605; &#1575;&#1604;&#1579;&#1575;&#1574;&#1585; &#1575;&#1604;&#1587;&#1610;&#1583; &#1605;&#1607;&#1583;&#1609; &#1575;&#1604;&#1581;&#1610;&#1583;&#1585;&#1609;.</subfield></datafield><datafield ind1=" " ind2=" " tag="880"><subfield code="6">250-03/</subfield><subfield code="a">&#1575;&#1604;&#1591;&#1576;&#1593;&#1577; &#1633;.</subfield></datafield><datafield ind1=" " ind2=" " tag="880"><subfield code="6">260-04/</subfield><subfield code="a">&#1575;&#1604;&#1606;&#1580;&#1601; :</subfield><subfield code="b">[s.n.&#1548;</subfield><subfield code="c">[1966 or 1967]</subfield></datafield><datafield ind1="1" ind2=" " tag="880"><subfield code="6">490-05/</subfield><subfield code="a">&#1571;&#1593;&#1604;&#1575;&#1605; &#1575;&#1604;&#1575;&#1605;&#1575;&#1605;&#1610;&#1577; &#1563;</subfield><subfield code="v">&#1575;&#1604;&#1603;&#1578;&#1575;&#1576; &#1634;</subfield></datafield><datafield ind1=" " ind2="0" tag="830"><subfield code="6">880-06</subfield><subfield code="a">A&#699;l&#257;m al-Im&#257;m&#299;yah ;</subfield><subfield code="v">al-kit&#257;b 2.</subfield></datafield><datafield ind1=" " ind2="0" tag="880"><subfield code="6">830-06/</subfield><subfield code="a">&#1571;&#1593;&#1604;&#1575;&#1605; &#1575;&#1604;&#1575;&#1605;&#1575;&#1605;&#1610;&#1577; &#1563;</subfield><subfield code="v">&#1575;&#1604;&#1603;&#1578;&#1575;&#1576; &#1634;</subfield></datafield><datafield ind1=" " ind2=" " tag="959"><subfield code="a">NNU</subfield><subfield code="b">WEB</subfield><subfield code="c">GENI</subfield><subfield code="t">0</subfield><subfield code="m">Electronic access</subfield><subfield code="s">01</subfield></datafield><datafield ind1=" " ind2=" " tag="999"><subfield code="i">NNU_001689227</subfield><subfield code="s">nyu_aco000634</subfield></datafield></record>